@incollection{main,
  doi = {10.1007/978-3-031-12441-9_12},
  url = {https://doi.org/10.1007/978-3-031-12441-9_12},
  year = {2022},
  publisher = {Springer International Publishing},
  pages = {230--250},
  author = {Carlos Alberto Ram{\'{\i}}rez Restrepo and Jorge A. P{\'{e}}rez},
  title = {Executable Semantics and~Type Checking for~Session-Based Concurrency in~Maude},
  booktitle = {Rewriting Logic and Its Applications}
}
@INCOLLECTION{maude,
  title     = "Using Maude",
  booktitle = "Lecture Notes in Computer Science",
  author    = "Clavel, Manuel and Dur{\'a}n, Francisco and Eker, Steven and
               Lincoln, Patrick and Mart{\'\i}-Oliet, Narciso and Meseguer,
               Jos{\'e} and Talcott, Carolyn",
  publisher = "Springer Berlin Heidelberg",
  pages     = "31--37",
  year      =  2007,
  address   = "Berlin, Heidelberg"
}
